@article{bib-scikit-learn,
	title={scikit-learn: Machine Learning in Python},
    note={\url{http://scikit-learn.org/}, Visitado el 19/11/2017}
}

@article{ibarra1977heuristic,
  title={Heuristic algorithms for scheduling independent tasks on nonidentical processors},
  author={Ibarra, Oscar H and Kim, Chul E},
  journal={Journal of the ACM (JACM)},
  volume={24},
  number={2},
  pages={280--289},
  year={1977},
  publisher={ACM}
}

@article{mitchell1997machine,
  author={Mitchell, T.M.},
  year={1997},
  title={Machine Learning},
  journal={McGraw-Hill international editions - computer science series}
}

@article{savant-original,
  author={Bernabé Dorronsoro and Frédéric Pinel and Samee U. Khan},
  year={2013},
  title={Savant: Automatic Parallelization of a Scheduling Heuristic with Machine Learning}, 
  journal={2013 World Congress on Nature and Biologically Inspired Computing},
  }  

@article{savant-bag,
  author={Bernabé Dorronsoro and Renzo Massobrio and Sergio Nesmachnow and Francisco Palomo-Lozano and Frédéric Pinel},
  year={2016},
  title={Generación automática de programas: Savant Virtual para el problema de la mochila},
  journal={XI Congreso Español de Metaheurísticas, Algoritmos Evolutivos y Bioinspirados}
  }
  
  @article{ml-survey,
  author={Sotiris Kotsiantis},
  year={2007},
  title={Supervised Machine Learning: A Review of Classification Techniques},
  journal={informatica.si 31 249-268},
  }
  
@article{fs-survey,
  author={Girish Chandrashekar and Ferat Sahin},
  year={2014},
  title={A survey on feature selection methods},
  journal={Computers \& Electrical Engineering},
  volume={40},
  }
  
@article{survey-feature-selection-extraction,
  author = {Khalid, Samina and Khalil, Tehmina and Nasreen, Shamila},
  year = {2014},
  title = {A survey of feature selection and feature extraction techniques in machine learning},
  journal = {Proceedings of 2014 Science and Information Conference, SAI 2014}
}

@article{mapreduce,
  author={Jeffrey Dean and Sanjay Ghemawat},
  year={2008},
  title={MapReduce: Simplified Data Processing on Large Clusters},
  journal={Communications of the ACM},
  volume={51},
  }

@article{bib-doctorado-nesmachnow,
	title={Parallel evolutionary algorithms for scheduling on heterogeneous computing and grid environments},
    author={Sergio Nesmachnow},
    year={2010}
}

@article{bib-heuristic-hobs,
	title={How to choose the number of hidden layers and nodes in a feedforward neural network?},
    author={Hobson Lane},
    year={2017},
    note={\url{https://stats.stackexchange.com/q/136542}, Visitado el 21/05/2018}
}
